<?xml version="1.0" encoding="UTF-8"?><record xmlns="http://www.loc.gov/MARC21/slim" xmlns:cinclude="http://apache.org/cocoon/include/1.0" xmlns:zs="http://www.loc.gov/zing/srw/">
  <leader>00429nz  a2200133n  4500</leader>
  <controlfield tag="001">no2008158970</controlfield>
  <controlfield tag="003">DLC</controlfield>
  <controlfield tag="005">20081031082839.0</controlfield>
  <controlfield tag="008">081029n| acannaabn          |n aaa     c</controlfield>
  <datafield tag="010" ind1=" " ind2=" ">
    <subfield code="a">no2008158970</subfield>
  </datafield>
  <datafield tag="035" ind1=" " ind2=" ">
    <subfield code="a">(OCoLC)oca07920409</subfield>
  </datafield>
  <datafield tag="040" ind1=" " ind2=" ">
    <subfield code="a">FJUNF</subfield>
    <subfield code="b">eng</subfield>
    <subfield code="c">FJUNF</subfield>
  </datafield>
  <datafield tag="100" ind1="1" ind2=" ">
    <subfield code="a">Fox, Darcy N.,</subfield>
    <subfield code="d">1972-</subfield>
  </datafield>
  <datafield tag="670" ind1=" " ind2=" ">
    <subfield code="a">Collective bargaining in Florida, 2008</subfield>
    <subfield code="b">t.p. (Darcy N. Fox) Author information sheet (Darcy Nicole Fox ... year of birth: 1972)</subfield>
  </datafield>
</record>